<?xml version="1.0" encoding="UTF-8"?><collection xmlns="http://www.loc.gov/MARC21/slim"><record><leader>00443nam--2200145-i-4500</leader><controlfield tag="001">000011727</controlfield><controlfield tag="002">20161230</controlfield><controlfield tag="005">20161230201029</controlfield><controlfield tag="008">060222s1000------------r-----000-0-eng-d</controlfield><datafield ind1=" " ind2=" " tag="080"><subfield code="a">51-7</subfield></datafield><datafield ind1=" " ind2=" " tag="100"><subfield code="a">Casti, John And Kalaba, Robert</subfield></datafield><datafield ind1=" " ind2=" " tag="245"><subfield code="a">Imbedding methods in applied mathematics readi ng, massachusetts, adison-wesley</subfield></datafield><datafield ind1=" " ind2=" " tag="260"><subfield code="a">Publishing Company, 1973. Xiv + 306 P</subfield></datafield><datafield ind1=" " ind2=" " tag="490"><subfield code="a">Applied Mathematics And Computation A</subfield></datafield><datafield ind1=" " ind2=" " tag="852"><subfield code="a">43226</subfield></datafield></record></collection>